@misc{Lant2010,
author = {Lant, Michael},
booktitle = {Software Development, Agile Methods and the Intersection of People Process and Technology},
title = {{How To Make Your Project Not Suck by Using an Agile Project Charter}},
url = {http://michaellant.com/2010/05/18/how-to-make-your-project-not-suck/},
year = {2010}
}
@misc{tomahawk,
author = {Tomahawk-Player},
booktitle = {Tomahawk},
title = {{Tomahawk}},
url = {https://github.com/tomahawk-player/tomahawk},
year = {2011}
}
@misc{soundiiz,
author = {Magnano, Thomas | Herbreteau, Benoit},
booktitle = {Soundiiz},
title = {{Soundiiz}},
url = {http://soundiiz.com/},
year = {2013}
}
@misc{amplifind,
author = {Matt},
booktitle = {Amplifind},
title = {{Amplifind}},
url = {http://amplifindapp.com},
year = {2013}
}
@book{Rubin2012,
author = {Rubin, Kenneth S},
edition = {1st},
isbn = {0137043295, 9780137043293},
publisher = {Addison-Wesley Professional},
title = {{Essential Scrum: A Practical Guide to the Most Popular Agile Process}},
year = {2012}
}
@techreport{,
institution = {U.S. Department of Defense},
pages = {2--7},
title = {{DOD Sample Phase I Proposal}},
url = {http://www.acq.osd.mil/osbp/sbir/sb/resources/sample-proposals.shtml},
year = {2011}
}
